@Book{velde-csc,
	author = "Eric F. Van de Velde",
	title = "Concurrent Scientific Computing",
	publisher = "Springer-Verlag",
	pages = "1-38, 155-182",
	year = "1994"
}

@Book{stein-fa,
	author = "Elias M. Stein, Rami Shakarchi",
	title = "Fourier Analysis - An Introduction",
	series = "Princeton Lectures in Analysis",
	volume = "I",
	publisher = "Princeton University Press",
	year = "2003"
}

@Book{elstrodt-mit,
	author = "Jürgen Elstrodt",
	title = "Maß- und Integrationstheorie",
	publisher = "Springer",
	pages = "191-200, 229-247",
	year = "2009"
}

@Book{hermann-nm,
	author = "Martin Hermann",
	title = "Numerische Mathematik",
	publisher = "Oldenbourg Verlag München",
	pages = "370-384",
	year = "2011"
}

@misc{wiki-cooley-ffta,
	title = "\url{https://en.wikipedia.org/wiki/Cooley-Tukey_FFT_algorithm}"
}

@misc{wiki-fft,
	title = "\url{https://en.wikipedia.org/wiki/Fast_Fourier_transform}"
}

@misc{fftw-p,
	title = "\url{http://cnx.org/contents/ulXtQbN7@15/Implementing-FFTs-in-Practice}"
}